<record><leader>00000cas a22000007a 4500</leader><controlfield tag="001">26064808</controlfield><controlfield tag="008">920623d19281950ohuwn ne      0    0eng d</controlfield><datafield ind1=" " ind2=" " tag="010"><subfield code="a">sn 92063441 </subfield></datafield><datafield ind1=" " ind2=" " tag="040"><subfield code="a">ONP</subfield><subfield code="b">eng</subfield><subfield code="c">ONP</subfield><subfield code="d">OCLCQ</subfield><subfield code="d">OCLCF</subfield><subfield code="d">OCLCO</subfield><subfield code="d">OCLCA</subfield></datafield><datafield ind1="1" ind2=" " tag="029"><subfield code="a">AU@</subfield><subfield code="b">000020711327</subfield></datafield><datafield ind1=" " ind2=" " tag="042"><subfield code="a">msc</subfield></datafield><datafield ind1=" " ind2=" " tag="043"><subfield code="a">n-us-oh</subfield></datafield><datafield ind1="0" ind2=" " tag="130"><subfield code="a">Kenyon collegian (Gambier, Ohio : 1928)</subfield></datafield><datafield ind1="1" ind2="0" tag="245"><subfield code="a">Kenyon collegian.</subfield></datafield><datafield ind1=" " ind2=" " tag="260"><subfield code="a">Gambier, Ohio :</subfield><subfield code="b">Students of Kenyon College,</subfield><subfield code="c">1928-1950.</subfield></datafield><datafield ind1=" " ind2=" " tag="300"><subfield code="a">v.</subfield></datafield><datafield ind1=" " ind2=" " tag="310"><subfield code="a">Weekly (during the academic year),</subfield><subfield code="b">Sept. 24, 1935-Oct. 4, 1950</subfield></datafield><datafield ind1=" " ind2=" " tag="321"><subfield code="a">Monthly (during the academic year),</subfield><subfield code="b">June 15, 1928-June 16, 1930</subfield></datafield><datafield ind1=" " ind2=" " tag="321"><subfield code="a">Semimonthly (during the academic year),</subfield><subfield code="b">Oct. 3, 1930-&lt;June&gt; 1935</subfield></datafield><datafield ind1="0" ind2=" " tag="362"><subfield code="a">Vol. 54, no. 10 (June 15, 1928)-v. 77, no. 2 (Oct. 4, 1950).</subfield></datafield><datafield ind1=" " ind2="0" tag="650"><subfield code="a">Universities and colleges</subfield><subfield code="z">Ohio</subfield><subfield code="v">Newspapers.</subfield></datafield><datafield ind1=" " ind2="4" tag="651"><subfield code="a">Gambier (Ohio)</subfield><subfield code="v">Newspapers.</subfield></datafield><datafield ind1=" " ind2="4" tag="651"><subfield code="a">Knox County (Ohio)</subfield><subfield code="v">Newspapers.</subfield></datafield><datafield ind1=" " ind2="7" tag="655"><subfield code="a">Newspapers.</subfield><subfield code="2">fast</subfield><subfield code="0">(OCoLC)fst01423814</subfield></datafield><datafield ind1=" " ind2="7" tag="650"><subfield code="a">Universities and colleges.</subfield><subfield code="2">fast</subfield><subfield code="0">(OCoLC)fst01161597</subfield></datafield><datafield ind1=" " ind2="7" tag="651"><subfield code="a">Ohio.</subfield><subfield code="2">fast</subfield><subfield code="0">(OCoLC)fst01205075</subfield></datafield><datafield ind1=" " ind2=" " tag="752"><subfield code="a">United States</subfield><subfield code="b">Ohio</subfield><subfield code="c">Knox</subfield><subfield code="d">Gambier.</subfield></datafield><datafield ind1="0" ind2="0" tag="780"><subfield code="t">Collegian (Gambier, Ohio : 1924)</subfield><subfield code="w">(DLC)sn 92063442</subfield></datafield><datafield ind1="0" ind2="0" tag="785"><subfield code="t">Collegian (Gambier, Ohio : 1950)</subfield><subfield code="w">(DLC)sn 92063446</subfield></datafield></record>